@phdthesis{OviedoUrazmetov:1670010,
      author        = "Oviedo Urazmetov, Arthur Alejandro and Kasioumis, Nikolaos and Aberer, Karl",
      title         = "{$5e^{x+y}$: A Math Aware Search Engine for CDS}",
      school        = "Ecole Polytechnique, Lausanne",
      month         = "Mar",
      year          = "2014",
      reportNumber  = "CERN-THESIS-2014-012",
      url           = "http://cds.cern.ch/record/1670010",
      note          = "Presented 09 Apr 2014",
}

@inproceedings{Kohlhase:2006:SEM:2165353.2165379,
 author = {Kohlhase, Michael and Sucan, Ioan},
 title = {A Search Engine for Mathematical Formulae},
 booktitle = {Proceedings of the 8th International Conference on Artificial Intelligence and Symbolic Computation},
 series = {AISC'06},
 year = {2006},
 isbn = {3-540-39728-0, 978-3-540-39728-1},
 location = {Beijing, China},
 pages = {241--253},
 numpages = {13},
 url = {http://dx.doi.org/10.1007/11856290_21},
 doi = {10.1007/11856290_21},
 acmid = {2165379},
 publisher = {Springer-Verlag},
 address = {Berlin, Heidelberg},
}
